<?xml version="1.0" encoding="UTF-8"?><record xmlns="http://www.loc.gov/MARC21/slim" xmlns:cinclude="http://apache.org/cocoon/include/1.0" xmlns:zs="http://www.loc.gov/zing/srw/">
  <leader>00748cz  a2200157n  4500</leader>
  <controlfield tag="001">n  87142692 </controlfield>
  <controlfield tag="003">DLC</controlfield>
  <controlfield tag="005">19941206054556.9</controlfield>
  <controlfield tag="008">871110n| acannaab|          |n aaa |||  </controlfield>
  <datafield tag="010" ind1=" " ind2=" ">
    <subfield code="a">n  87142692 </subfield>
  </datafield>
  <datafield tag="040" ind1=" " ind2=" ">
    <subfield code="a">DLC</subfield>
    <subfield code="c">DLC</subfield>
    <subfield code="d">DGPO</subfield>
    <subfield code="d">IEN</subfield>
  </datafield>
  <datafield tag="100" ind1="1" ind2="0">
    <subfield code="a">Fravel, Frederic D.</subfield>
  </datafield>
  <datafield tag="670" ind1=" " ind2=" ">
    <subfield code="a">nuc87-117358: His Economies of scale in the U.S. intercity bus ind., 1980</subfield>
    <subfield code="b">(hdg. on NcU rept.: Fravel, Frederic D.; usage: Frederic D. Fravel)</subfield>
  </datafield>
  <datafield tag="670" ind1=" " ind2=" ">
    <subfield code="a">His Intercity bus feeder project program analysis, 1991:</subfield>
    <subfield code="b">t.p. (Frederic D. Fravel; Ecosometrics, Inc., Bethesda, Md.)</subfield>
  </datafield>
  <datafield tag="670" ind1=" " ind2=" ">
    <subfield code="a">North Carolina intercity bus study, 1979:</subfield>
    <subfield code="b">t.p. (Frederic D. Fravel)</subfield>
  </datafield>
  <datafield tag="670" ind1=" " ind2=" ">
    <subfield code="a">Directory of the Transportation Research Board, 1992:</subfield>
    <subfield code="b">p. 162 (Fravel, Frederic D., Ecosometrics Inc.)</subfield>
  </datafield>
</record>